@techreport{FlorezCastro2025,
  author      = {Flórez Lesmes, Alejandro and Castro, Yeffersson Stiven},
  title       = {Clasificación de Correos con Regresión Logística: Análisis Crítico de un Dataset Perfecto},
  institution = {Universidad de Cundinamarca},
  year        = {2025},
  type        = {Informe Técnico},
  address     = {Cundinamarca, Colombia}
}
